<record><leader>00000cas a22000007a 4500</leader><controlfield tag="001">17282685</controlfield><controlfield tag="008">871223d19041944inudr ne      0    0eng d</controlfield><datafield ind1=" " ind2=" " tag="010"><subfield code="a">sn 87056845 </subfield></datafield><datafield ind1=" " ind2=" " tag="040"><subfield code="a">NPI</subfield><subfield code="b">eng</subfield><subfield code="c">NPI</subfield><subfield code="d">UBY</subfield><subfield code="d">OCLCQ</subfield><subfield code="d">OCLCF</subfield><subfield code="d">OCLCO</subfield></datafield><datafield ind1=" " ind2=" " tag="042"><subfield code="a">msc</subfield></datafield><datafield ind1=" " ind2=" " tag="043"><subfield code="a">n-us-in</subfield></datafield><datafield ind1="0" ind2=" " tag="130"><subfield code="a">Muncie morning star (Muncie, Ind. : 1904)</subfield></datafield><datafield ind1="1" ind2="4" tag="245"><subfield code="a">The Muncie morning star.</subfield></datafield><datafield ind1="3" ind2="0" tag="246"><subfield code="a">Muncie Sunday star</subfield></datafield><datafield ind1=" " ind2=" " tag="260"><subfield code="a">Muncie, Ind. :</subfield><subfield code="b">Muncie Star Co.,</subfield><subfield code="c">1904-1944.</subfield></datafield><datafield ind1=" " ind2=" " tag="310"><subfield code="a">Daily</subfield></datafield><datafield ind1="0" ind2=" " tag="362"><subfield code="a">Vol. 26, no. 182 (Oct. 27, 1904)-v. 68, no. 244 (Dec. 28, 1944).</subfield></datafield><datafield ind1=" " ind2=" " tag="500"><subfield code="a">On Sundays published as: Muncie Sunday star, Nov. 13, 1904-1944.</subfield></datafield><datafield ind1=" " ind2="0" tag="651"><subfield code="a">Muncie (Ind.)</subfield><subfield code="v">Newspapers.</subfield></datafield><datafield ind1=" " ind2="7" tag="655"><subfield code="a">Newspapers.</subfield><subfield code="2">fast</subfield><subfield code="0">(OCoLC)fst01423814</subfield></datafield><datafield ind1=" " ind2="7" tag="651"><subfield code="a">Indiana</subfield><subfield code="z">Muncie.</subfield><subfield code="2">fast</subfield><subfield code="0">(OCoLC)fst01206131</subfield></datafield><datafield ind1=" " ind2=" " tag="752"><subfield code="a">United States</subfield><subfield code="b">Indiana</subfield><subfield code="c">Delaware</subfield><subfield code="d">Muncie.</subfield></datafield><datafield ind1="0" ind2="0" tag="780"><subfield code="t">Muncie morning star and news</subfield><subfield code="w">(DLC)sn 87056844</subfield></datafield><datafield ind1="0" ind2="0" tag="785"><subfield code="t">Muncie star</subfield><subfield code="w">(DLC)sn 82016332</subfield></datafield></record>